@Book{LaTeXBook,
  author = 	 {Leslie Lamport},
  ALTeditor = 	 {},
  title = 	 {LATEX: a Document Preparation System},
  publisher = 	 {Addison-Wesley},
  year = 	 {1994},
  OPTkey = 	 {},
  OPTvolume = 	 {},
  OPTnumber = 	 {},
  OPTseries = 	 {},
  OPTaddress = 	 {},
  OPTedition = 	 {},
  OPTmonth = 	 {},
  OPTnote = 	 {},
  OPTannote = 	 {}
}

@Book{TeXBook,
  author = 	 {Donald Knuth},
  ALTeditor = 	 {},
  title = 	 {The TeXbook},
  publisher = 	 {Addison-Wesley},
  year = 	 {1984},
  OPTkey = 	 {},
  OPTvolume = 	 {},
  OPTnumber = 	 {},
  OPTseries = 	 {},
  OPTaddress = 	 {},
  OPTedition = 	 {},
  OPTmonth = 	 {},
  OPTnote = 	 {},
  OPTannote = 	 {}
}

@article{cleavebias,
  title={Is There Selection Bias in Laboratory Experiments?},
  author={Cleave, Blair L and Nikiforakis, Nikos and Slonim, Robert},
  year={2010},
  publisher={Discipline of Economics}
}

@article{kleincutcell,
  title={Well-balanced compressible cut-cell simulation of atmospheric flow},
  author={Klein, R and Bates, KR and Nikiforakis, N},
  journal={Philosophical Transactions of the Royal Society A: Mathematical, Physical and Engineering Sciences},
  volume={367},
  number={1907},
  pages={4559--4575},
  year={2009},
  publisher={The Royal Society}
}
