@article{Patankar1972AFlows,
    title = {{A calculation procedure for heat, mass, and momentum transfer in three-dimensional parabolic flows}},
    year = {1972},
    author = {Patankar, S V and Spalding, D B},
    pages = {1787--1806},
    volume = {IS},
    publisher = {Pergamon Press}
}

@article{Peric1985ADucts.,
    title = {{A finite volume method for the prediction of three-dimensional fluid flow in complex ducts.}},
    year = {1985},
    author = {Peric, Milovan},
    publisher = {Imperial College London (University of London)},
    url = {http://spiral.imperial.ac.uk/handle/10044/1/7601},
    keywords = {Thesis or dissertation}
}

@article{Crank1947AType,
    title = {{A practical method for numerical evaluation of solutions of partial differential equations of the heat-conduction type}},
    year = {1947},
    journal = {Mathematical Proceedings of the Cambridge Philosophical Society},
    author = {Crank, J and Nicolson, P},
    number = {1},
    pages = {50 - 67},
    volume = {43},
    url = {https://www.cambridge.org/core/journals/mathematical-proceedings-of-the-cambridge-philosophical-society/article/practical-method-for-numerical-evaluation-of-solutions-of-partial-differential-equations-of-the-heatconduction-type/B3230893A53384D418228AB39D41A451},
    doi = {10.1017/S0305004100023197}
}

@book{Versteeg2007AnEdition,
    title = {{An Introduction to Computational Fluid Dynamics Second Edition}},
    year = {2007},
    author = {Versteeg, H K and Malalasekera, W},
    edition = {2nd},
    volume = {},
    publisher = {Pearson Education Limited},
    issn = {978-0-13-127498-3}
}

@article{McDonaldPW2016Armadillo:Algebra,
    title = {{Armadillo: a template-based C++ library for linear algebra}},
    year = {2016},
    journal = {The Journal of Open Source Software},
    author = {{McDonald PW}},
    number = {2},
    pages = {26},
    volume = {1},
    url = {http://dx.doi.org/10.21105/joss.00026},
    doi = {10.21105/joss.00026}
}

@article{Cubasch2010Armadillo:Experiments,
    title = {{Armadillo: An Open Source C++ Linear Algebra Library for Fast Prototyping and Computationally Intensive Experiments}},
    year = {2010},
    journal = {Clim. Res.},
    author = {Cubasch, U and von Storch, H and Waszkewitz, J and Zorita, E},
    month = {10},
    pages = {129--149},
    volume = {7},
    isbn = {183},
    issn = {1833-9646-4314}
}

@book{Ferziger2002ComputationalDynamics,
    title = {{Computational methods for fluid dynamics}},
    year = {2002},
    author = {Ferziger, JH and Peri{\'{c}}, M and Street, RL},
    url = {https://link.springer.com/content/pdf/10.1007/978-3-319-99693-6.pdf}
}

@article{VanDoormaal1984EnhancementsFlows,
    title = {{Enhancements of the simple method for predicting incompressible fluid flows}},
    year = {1984},
    journal = {Numerical Heat Transfer},
    author = {Van Doormaal, J. P. and Raithby, G. D.},
    number = {2},
    pages = {147--163},
    volume = {7},
    url = {https://doi.org/10.1080/01495728408961817},
    doi = {10.1080/01495728408961817},
    issn = {01495720}
}

@article{Jasak1996ErrorFlows,
    title = {{Error analysis and estimation for the finite volume method with applications to fluid flows}},
    year = {1996},
    author = {Jasak, Hrvoje},
    publisher = {Imperial College London (University of London)},
    url = {http://hdl.handle.net/10044/1/8335},
    keywords = {Fluid mechanics}
}

@article{Godunov1959FiniteDynamics,
    title = {{Finite difference method for numerical computation of discontinuous solutions of the equations of fluid dynamics}},
    year = {1959},
    journal = {Matemati{\v{c}}eskij sbornik},
    author = {Godunov, Sergei K.},
    number = {89},
    month = {3},
    pages = {271--306},
    volume = {47}
}

@article{Morton2007FiniteLaws,
    title = {{Finite volume methods for hyperbolic conservation laws}},
    year = {2007},
    author = {Morton, K W and Sonar, T},
    pages = {155--238},
    publisher = {Cambridge University Press},
    url = {https://doi.org/10.1017/S0962492906300013},
    doi = {10.1017/S0962492906300013}
}

@article{Ghia1982High-ReMethod,
    title = {{High-Re solutions for incompressible flow using the Navier-Stokes equations and a multigrid method}},
    year = {1982},
    journal = {Journal of Computational Physics},
    author = {Ghia, U. and Ghia, K. N. and Shin, C. T.},
    number = {3},
    month = {12},
    pages = {387--411},
    volume = {48},
    publisher = {Academic Press},
    doi = {10.1016/0021-9991(82)90058-4},
    issn = {0021-9991}
}

@misc{StracciaA2018HowBlog,
    title = {{How to Solve a Classic CFD Benchmark: The Lid-Driven Cavity Problem | COMSOL Blog}},
    year = {2018},
    booktitle = {COMSOL Blog},
    author = {{Straccia A}},
    url = {https://www.comsol.com/blogs/how-to-solve-a-classic-cfd-benchmark-the-lid-driven-cavity-problem/}
}

@article{Lax1957HyperbolicII,
    title = {{Hyperbolic systems of conservation laws II}},
    year = {1957},
    journal = {Communications on Pure and Applied Mathematics},
    author = {Lax, P. D.},
    number = {4},
    pages = {537--566},
    volume = {10},
    doi = {10.1002/CPA.3160100406},
    issn = {10970312}
}

@article{Hirsch1991NumericalDiscretization,
    title = {{Numerical Computation of Internal and External Flows: Fundamentals of numerical discretization}},
    year = {1991},
    author = {Hirsch, Charles and Hirsch, Ch},
    pages = {540},
    publisher = {Wiley},
    url = {https://www.wiley.com/en-us/Numerical+Computation+of+Internal+and+External+Flows%2C+Volume+1%3A+Fundamentals+of+Numerical+Discretization-p-9780471923855},
    isbn = {978-0-471-92385-5}
}

@article{Patankar1980NumericalFlow,
    title = {{Numerical heat transfer and fluid flow}},
    year = {1980},
    author = {Patankar, Suhas V.},
    pages = {197},
    publisher = {Taylor {\&} Francis},
    isbn = {9781315275130}
}

@article{Rhie1982NumericalSeparation,
    title = {{Numerical study of the turbulent flow past an airfoil with trailing edge separation}},
    year = {1982},
    journal = {https://doi.org/10.2514/3.8284},
    author = {Rhie, C. M. and Chow, W. L.},
    number = {11},
    month = {5},
    pages = {1525--1532},
    volume = {21},
    url = {https://arc.aiaa.org/doi/10.2514/3.8284},
    doi = {10.2514/3.8284},
    issn = {00011452},
    keywords = {Aircraft Wings, Angle of Attack, Curvilinear Coordinates, Flow Conditions, Freestream Conditions, NACA Airfoil, Navier Stokes Equations, Turbulence Kinetic Energy, Turbulence Models, Velocity Profiles}
}

@article{Tukovic2018OpenfoamInteraction,
    title = {{Openfoam finite volume solver for fluid-solid interaction}},
    year = {2018},
    journal = {Transactions of Famena},
    author = {Tukovi{\'{c}}, Zeljko and Jasak, Hrvoje and Karac, Aleksandar and Cardiff, Philip and Ivankovi{\'{c}}, Alojz},
    number = {3},
    pages = {1--31},
    volume = {42},
    publisher = {Transactions of Famena},
    doi = {10.21278/TOF.42301},
    issn = {18491391},
    keywords = {Finite volume method, Fluid-structure interaction, OpenFOAM, Parallel, Partitioned, Strongly coupled}
}

@misc{OpenFOAMOpenFOAMWiki,
    title = {{OpenFOAM guide/The PIMPLE algorithm in OpenFOAM - OpenFOAMWiki}},
    url = {https://openfoamwiki.net/index.php/OpenFOAM_guide/The_PIMPLE_algorithm_in_OpenFOAM}
}

@article{Issa1986SolutionOperator-splitting,
    title = {{Solution of the implicitly discretised fluid flow equations by operator-splitting}},
    year = {1986},
    journal = {Journal of Computational Physics},
    author = {Issa, R. I.},
    number = {1},
    pages = {40--65},
    volume = {62},
    doi = {10.1016/0021-9991(86)90099-9},
    issn = {10902716}
}

@article{Lax1960SystemsLaws,
    title = {{Systems of conservation laws}},
    year = {1960},
    journal = {Communications on Pure and Applied Mathematics},
    author = {Lax, Peter and Wendroff, Burton},
    number = {2},
    month = {5},
    pages = {217--237},
    volume = {13},
    publisher = {John Wiley {\&} Sons, Ltd},
    url = {https://onlinelibrary.wiley.com/doi/full/10.1002/cpa.3160130205 https://onlinelibrary.wiley.com/doi/abs/10.1002/cpa.3160130205 https://onlinelibrary.wiley.com/doi/10.1002/cpa.3160130205},
    doi = {10.1002/CPA.3160130205},
    issn = {1097-0312}
}

@article{McDonaldPW2015TheCascades,
    title = {{The Computation of Transonic Flow Through Two-Dimensional Gas Turbine Cascades}},
    year = {2015},
    journal = {ASME Pap 71-GT-89},
    author = {{McDonald PW}},
    month = {4},
    publisher = {American Society of Mechanical Engineers Digital Collection},
    url = {/GT/proceedings-abstract/GT1971/79825/234506},
    isbn = {001t01a08971},
    doi = {10.1115/71-GT-89},
    keywords = {Flow (Dynamics), Gas turbines, Pressure, Shock (Mechanics), Transonic flow}
}

@book{Moukalled2016TheMethod,
    title = {{The finite volume method}},
    year = {2016},
    author = {Moukalled, F and Mangani, L and Darwish, M and Moukalled, F},
    url = {https://link.springer.com/chapter/10.1007/978-3-319-16874-6_5}
}

@article{Lax1954WeakComputation,
    title = {{Weak solutions of nonlinear hyperbolic equations and their numerical computation}},
    year = {1954},
    journal = {Communications on Pure and Applied Mathematics},
    author = {Lax, Peter D.},
    number = {1},
    pages = {159--193},
    volume = {7},
    doi = {10.1002/CPA.3160070112},
    issn = {10970312}
}